@INPROCEEDINGS{8862255,
  author={Lambora, Annu and Gupta, Kunal and Chopra, Kriti},
  booktitle={2019 International Conference on Machine Learning, Big Data, Cloud and Parallel Computing (COMITCon)}, 
  title={Genetic Algorithm- A Literature Review}, 
  year={2019},
  volume={},
  number={},
  pages={380-384},
  keywords={Genetic algorithms;Biological cells;Optimization;Sociology;Statistics;Encoding;Genetics;Genetic Algorithm;Inheritance;Mutation;Selection;Crossover},
  doi={10.1109/COMITCon.2019.8862255}}

@article{article,
author = {Al-Khatib, Ra'ed M. and Al-Betar, Mohammed and Awadallah, Mohammed and Nahar, Khalid and Abu Shquier, Mohammed and Manasrah, Ahmad and Doumi, Ahmad},
year = {2019},
month = {01},
pages = {1},
title = {MGA-TSP: Modernized Genetic Algorithm for the Traveling Salesman Problem},
volume = {11},
journal = {International Journal of Reasoning-based Intelligent Systems},
doi = {10.1504/IJRIS.2019.10019776}
}
